<record><leader>00000cas a2200000 a 4500</leader><controlfield tag="001">9337038</controlfield><controlfield tag="008">830323d1837184ukyuwr ne      0    0eng  </controlfield><controlfield tag="009">466</controlfield><datafield ind1=" " ind2=" " tag="010"><subfield code="a">sn 82016444 </subfield></datafield><datafield ind1=" " ind2=" " tag="040"><subfield code="a">DLC</subfield><subfield code="b">eng</subfield><subfield code="c">DLC</subfield><subfield code="d">NPX</subfield><subfield code="d">KNP</subfield><subfield code="d">DLC</subfield><subfield code="d">KNP</subfield><subfield code="d">OCL</subfield><subfield code="d">WIH</subfield><subfield code="d">OCLCF</subfield></datafield><datafield ind1=" " ind2=" " tag="042"><subfield code="a">msc</subfield></datafield><datafield ind1="0" ind2="0" tag="050"><subfield code="a">Newspaper 7885-X</subfield></datafield><datafield ind1="0" ind2="0" tag="245"><subfield code="a">Flemingsburg Kentuckian.</subfield></datafield><datafield ind1=" " ind2=" " tag="260"><subfield code="a">Flemingsburg, Ky. :</subfield><subfield code="b">W.T. Chapman,</subfield><subfield code="c">1837-</subfield></datafield><datafield ind1=" " ind2=" " tag="300"><subfield code="a">v. ;</subfield><subfield code="c">68 cm.</subfield></datafield><datafield ind1=" " ind2=" " tag="310"><subfield code="a">Weekly</subfield></datafield><datafield ind1="0" ind2=" " tag="362"><subfield code="a">Vol. 1, no. 1 (Oct. 27, 1837)-v. 1, no. 10 (Dec. 29, 1837); new ser. v. 1, no. 11 (Jan. 5, 1838)-</subfield></datafield><datafield ind1=" " ind2=" " tag="500"><subfield code="a">"Republican Whig."</subfield></datafield><datafield ind1=" " ind2="0" tag="651"><subfield code="a">Flemingsburg (Ky.)</subfield><subfield code="v">Newspapers.</subfield></datafield><datafield ind1=" " ind2="0" tag="651"><subfield code="a">Fleming County (Ky.)</subfield><subfield code="v">Newspapers.</subfield></datafield><datafield ind1=" " ind2="7" tag="655"><subfield code="a">Newspapers.</subfield><subfield code="2">fast</subfield><subfield code="0">(OCoLC)fst01423814</subfield></datafield><datafield ind1=" " ind2="7" tag="651"><subfield code="a">Kentucky</subfield><subfield code="z">Fleming County.</subfield><subfield code="2">fast</subfield><subfield code="0">(OCoLC)fst01207602</subfield></datafield><datafield ind1=" " ind2="7" tag="651"><subfield code="a">Kentucky</subfield><subfield code="z">Flemingsburg.</subfield><subfield code="2">fast</subfield><subfield code="0">(OCoLC)fst01250163</subfield></datafield><datafield ind1=" " ind2=" " tag="752"><subfield code="a">United States</subfield><subfield code="b">Kentucky</subfield><subfield code="c">Fleming</subfield><subfield code="d">Flemingsburg.</subfield></datafield><datafield ind1="0" ind2="0" tag="780"><subfield code="t">Kentucky Whig (Flemingsburg, Ky. : 1835)</subfield><subfield code="w">(DLC)sn 84037843</subfield></datafield><datafield ind1="0" ind2="0" tag="785"><subfield code="t">Kentucky Whig (Flemingsburg, Ky. : 1843)</subfield><subfield code="w">(DLC)sn 84027431</subfield></datafield></record>